@book{García-Sánchez1,
   author    = "J.C. Rosales, P.A. García-Sánchez",
   title     = "Numerical Semigroups",
   volume    = 20,
   year      = 2009,
   PUBLISHER = "Springer"
}

@book{García-Sánchez2,
   author    = "Abdallah Assi, Marco D’Anna, P.A. García-Sánchez",
   title     = "Numerical semigroups and
applications",
   year      = 2020,
   chapter   = "Chapter 3, Ideals",
   PUBLISHER = "Springer"
}



@booklet{García-Sánchez-Oporto,
   author    = "P.A. García-Sánchez",
   title     = "Numerical Semigroups Mini-Course"
}


@book{Tom-Høholdt,
   author    = "Tom Høholdt, Jacobus H. van Lint and Ruud Pellikaan",
   title     = "Algebraic geometry codes",
   year      = 1998,
   edition = 2011,
}

@book{Munuera,
   author    = "Carlos Munuera y Juan Tena",
   title     = "Codificación de Información",
}

@book{Bras-Amorós1,
   author    = "Maria Bras-Amorós",
   title     = "Numerical Semigroups and Codes",
   chapter   = "Chapter 5 of Algebraic Geometry Modeling in Information Theory",
   PUBLISHER = "E. Martinez-Moro",
   year      = 2013
}

@article{Bras-Amorós2,
   author    = "Maria Bras-Amorós",
   title     = "Ideals of Numerical Semigroups and
Error-Correcting Codes",
   journal = "Symmetry",
   year      = 2019
}

@book{Commutative-Albegra,
    author = "Prof. Dr. Wolfram Decker",
    title  = "Commutative Algebra",
    chapter = "2, Corollary 2.3.6"
}

@article{Bras-Amorós3,
    author = "Maria Bras-Amorós, Michael E. O’Sullivan",
    title  = "The correction capability of the Berlekamp–
Massey–Sakata algorithm with majority
voting",
    journal = "Springer-Verlag",
    year    = 2006
}

@article{Munuera-Hamming,
    author = "Carlos Munuera",
    title  = "On the Generalized Hamming Weights of Geometric
Goppa Codes",
    journal = "IEEE Transactions Information Theory, vol. 40, NO. 6",
    year    = 1994
}

@article{Kirfel,
    author = "Christoph Kirfel y Ruud Pellikaan",
    title  = "The minimum distance of codes in an array coming
from telescopic semigroups",
    journal = "IEEE Transactions Information Theory, vol. 41",
    year    = 1995
}

@article{J.I.Farrán,
    author = "J.I. Farrán y C. Munuera",
    title  = "Goppa-like bounds for the generalized
Feng–Rao distances",
    year    = 2003
}

@book{FULTRON,
    author = "William Fulton",
    title  = "Algebraic Curves, An Introduction to Algebraic Geometry",
    year = 2008
}

@article{Wire-tap,
    author = "L. H. Ozarow y A. D. Wyner",
    title  = "Wire-Tap Channel II",
    year    = 1984
}

@article{wei,
    author = "Victor K. Wei",
    title  = "Generalized Hamming Weights for Linear Codes",
    year    = 1991
}

@article{original,
    author = "Petra Heijnen y Ruud Pellikaan",
    title = "Generalized Hamming weights of q-ary
Reed-Muller codes",
    year  = 1998
}
